@online{GPFSsetup,
  author = {Bhosale, Nilesh P. and Eda, Sasikanth},
  title = {Configuration Guide to Deploy OpenStack Components
    (Cinder/Glance/Nova) with IBM GPFS Storage Backend},
  url = {https://drive.google.com/file/d/0B6VbMwsGEVoVeS1QdHVKRk1SenM/view},
  mynote = {This document was followed to configure OpenStack to use GFPS for 
    glance image storage and the nova backend. Future work may include following
    this guide for configuring cinder to use GPFS as well.}
}


@online{PackStacksetup,
  title = {Neutron with existing external Network},
  url = {https://www.rdoproject.org/networking/neutron-with-existing-external-network/},
  mynote = {This site was followed to setup OpenStack PackStack to integrate with the
    current network infrastructure on the host. As discussed in the appendix, the commands
    on this page had to be modified to work with the current OpenStack version and tools.}
}

@online{rdo,
  title = {RPM Distribution of OpenStack  (RDO) Home Page},
  url = {https://www.rdoproject.org/},
  mynote = {This link is just added to give information about the OpenStack PackStack maintainer
   RDO. The URL isn't used other than as a reference in the paper. See the other RDO link for 
   specifics.}
}


@book{alchemy,
  title = {Alchemy Cookbook Open Source Text Analytics System Setup and Usage},
  author = {Johnson, Meaghan},
  year = {2017},
  month = {February},
  mynote = {This guide was used to design the data analysis engines, install the
    required packages, and create a workflow.},
  url = {https://github.ncsu.edu/aabarve/CSC547-Team1/tree/master/documentation/references/AlchemyCookbook.pdf}
}

@article{abstract,
  title = {Project Abstracts for Spring 2017 Cloud Computing (CSC 547) Projects 1 through 4
    Configure a cloud for Big Data Analytics},
  author = {Streck, John},
  year = {2017},
  month = {February},
  mynote = {This is the first document we received to get an initial scope of the project requirements},
  url = {https://github.ncsu.edu/aabarve/CSC547-Team1/tree/master/documentation/references/project_abstracts.pdf}
}

@article{ITngplatform,
  title = {ITng Analytics Platform v1},
  author = {Hall, James},
  year = {2017},
  month = {February},
  mynote = {This document was used to get an understanding of the hardware environment and interaction between
     the software components.},
  url = {https://github.ncsu.edu/aabarve/CSC547-Team1/tree/master/documentation/references/itng_analytics_platform.pdf}
}

@article{ubiquity,
  title = {Developing an open source "BigData" cognitive computing platform},
  author = {Kowolenko, Michael and Vouk, Mladen A,},
  year = {2017},
  month = {January},
  mynote = {This document was used to get a better understanding of data analytic platforms, how data is processed,
    and the problems faced when designing and implementing a data analytic system.},
  url = {https://github.ncsu.edu/aabarve/CSC547-Team1/tree/master/documentation/references/Ubiquity_in_the_cloud.pdf}
}

@online{github,
  title = {Report documentation repo},
  url = {https://github.ncsu.edu/aabarve/CSC547-Team1/},
  mynote = {This is the repository we used to host all the documentation, images, figures, and reference documents.}
}
